<?xml version="1.0" encoding="UTF-8"?>
<?oxygen RNGSchema="http://socialarchive.iath.virginia.edu/shared/cpf.rng" type="xml"?>
<eac-cpf xmlns="urn:isbn:1-931666-33-4">
   <control>
      <recordId>CtY-BR-3118211.r03</recordId>
      <maintenanceStatus>new</maintenanceStatus>
      <maintenanceAgency>
         <agencyName>SNAC: Social Networks and Archival Context Project</agencyName>
      </maintenanceAgency>
      <languageDeclaration>
         <language languageCode="eng">English</language>
         <script scriptCode="Zyyy">Unknown</script>
      </languageDeclaration>
      <maintenanceHistory>
         <maintenanceEvent>
            <eventType>created</eventType>
            <eventDateTime standardDateTime="2015-01-07T13:21:05.028-05:00"/>
            <agentType>machine</agentType>
            <agent>XSLT oclc_marc2cpf.xsl Saxonica 2.0 http://www.saxonica.com/</agent>
            <eventDescription>Derived from MARC</eventDescription>
         </maintenanceEvent>
      </maintenanceHistory>
      <sources>
         <source xmlns:xlink="http://www.w3.org/1999/xlink"
                 xlink:href="http://www.worldcat.org/oclc/3118211"
                 xlink:type="simple">
            <objectXMLWrap>
               <marc:record xmlns:xsi="http://www.w3.org/2001/XMLSchema-instance"
                            xmlns:marc="http://www.loc.gov/MARC21/slim">
                  <marc:leader>02191cpc a22004811a 4500</marc:leader>
                  <marc:controlfield tag="001">3118211</marc:controlfield>
                  <marc:controlfield tag="005">20110505111409.0</marc:controlfield>
                  <marc:controlfield tag="008">901204i18491857ctu||          | |||eng d</marc:controlfield>
                  <marc:datafield tag="035" ind1=" " ind2=" ">
                     <marc:subfield code="a">(OCoLC)ocn702216257</marc:subfield>
                  </marc:datafield>
                  <marc:datafield tag="035" ind1=" " ind2=" ">
                     <marc:subfield code="9">(YUL)ead.beinecke.ahill</marc:subfield>
                  </marc:datafield>
                  <marc:datafield tag="035" ind1=" " ind2=" ">
                     <marc:subfield code="9">FFW9110YL</marc:subfield>
                  </marc:datafield>
                  <marc:datafield tag="035" ind1=" " ind2=" ">
                     <marc:subfield code="a">3118211</marc:subfield>
                  </marc:datafield>
                  <marc:datafield tag="040" ind1=" " ind2=" ">
                     <marc:subfield code="a">CtY-BR</marc:subfield>
                     <marc:subfield code="c">CtY-BR</marc:subfield>
                     <marc:subfield code="e">appm</marc:subfield>
                  </marc:datafield>
                  <marc:datafield tag="043" ind1=" " ind2=" ">
                     <marc:subfield code="a">n-us-ca</marc:subfield>
                  </marc:datafield>
                  <marc:datafield tag="079" ind1=" " ind2=" ">
                     <marc:subfield code="a">ocn702126586</marc:subfield>
                  </marc:datafield>
                  <marc:datafield tag="100" ind1="1" ind2=" ">
                     <marc:subfield code="a">Hill, Alonzo A.,</marc:subfield>
                     <marc:subfield code="d">1828?-1857.</marc:subfield>
                  </marc:datafield>
                  <marc:datafield tag="245" ind1="1" ind2="0">
                     <marc:subfield code="a">Alonzo A. Hill papers,</marc:subfield>
                     <marc:subfield code="f">1849-1857.</marc:subfield>
                  </marc:datafield>
                  <marc:datafield tag="300" ind1=" " ind2=" ">
                     <marc:subfield code="a">0.5</marc:subfield>
                     <marc:subfield code="f">linear ft. (1 box)</marc:subfield>
                  </marc:datafield>
                  <marc:datafield tag="351" ind1=" " ind2=" ">
                     <marc:subfield code="a">Arranged by subject.</marc:subfield>
                  </marc:datafield>
                  <marc:datafield tag="545" ind1=" " ind2=" ">
                     <marc:subfield code="a">Alonzo A. Hill (1828?-1857): Gold Rush pioneer, sailed to California in 1849, unsuccessfully mined gold, and held a variety of other jobs in and near the gold fields before committing suicide.</marc:subfield>
                  </marc:datafield>
                  <marc:datafield tag="520" ind1=" " ind2=" ">
                     <marc:subfield code="a">The papers contain correspondence and other papers documenting Alonzo Hill's voyage to California, experiences in the gold fields, San Francisco, and Sacramento.</marc:subfield>
                  </marc:datafield>
                  <marc:datafield tag="555" ind1="0" ind2=" ">
                     <marc:subfield code="a">Unpublished finding aid in repository.</marc:subfield>
                  </marc:datafield>
                  <marc:datafield tag="524" ind1=" " ind2=" ">
                     <marc:subfield code="a">Alonzo A. Hill Papers. Western Americana Collection, Beinecke Rare Book and Manuscript Library, Yale University.</marc:subfield>
                  </marc:datafield>
                  <marc:datafield tag="588" ind1=" " ind2=" ">
                     <marc:subfield code="a">Copyright 2013 Yale University Library. Licensed under the Educational Community License, Version 2.0 (the "License"); you may not use this file except in compliance with the License. You may obtain a copy of the License at http://www.osedu.org/licenses/ECL-2.0</marc:subfield>
                  </marc:datafield>
                  <marc:datafield tag="600" ind1="1" ind2="0">
                     <marc:subfield code="a">Hill, Alonzo A.,</marc:subfield>
                     <marc:subfield code="d">1828?-1857.</marc:subfield>
                  </marc:datafield>
                  <marc:datafield tag="600" ind1="1" ind2="0">
                     <marc:subfield code="a">Hill, Washington.</marc:subfield>
                  </marc:datafield>
                  <marc:datafield tag="610" ind1="2" ind2="0">
                     <marc:subfield code="a">Areatus (Ship)</marc:subfield>
                  </marc:datafield>
                  <marc:datafield tag="610" ind1="2" ind2="0">
                     <marc:subfield code="a">Bay State and California Mining and Trading Company.</marc:subfield>
                  </marc:datafield>
                  <marc:datafield tag="650" ind1=" " ind2="0">
                     <marc:subfield code="a">Frontier and pioneer life</marc:subfield>
                     <marc:subfield code="z">California.</marc:subfield>
                  </marc:datafield>
                  <marc:datafield tag="650" ind1=" " ind2="0">
                     <marc:subfield code="a">Gold mines and mining</marc:subfield>
                     <marc:subfield code="z">California.</marc:subfield>
                  </marc:datafield>
                  <marc:datafield tag="650" ind1=" " ind2="0">
                     <marc:subfield code="a">Suicide</marc:subfield>
                     <marc:subfield code="z">California.</marc:subfield>
                  </marc:datafield>
                  <marc:datafield tag="650" ind1=" " ind2="0">
                     <marc:subfield code="a">Voyages to the Pacific coast.</marc:subfield>
                  </marc:datafield>
                  <marc:datafield tag="651" ind1=" " ind2="0">
                     <marc:subfield code="a">California</marc:subfield>
                     <marc:subfield code="x">Description and travel.</marc:subfield>
                  </marc:datafield>
                  <marc:datafield tag="651" ind1=" " ind2="0">
                     <marc:subfield code="a">California</marc:subfield>
                     <marc:subfield code="x">Gold discoveries.</marc:subfield>
                  </marc:datafield>
                  <marc:datafield tag="651" ind1=" " ind2="0">
                     <marc:subfield code="a">California</marc:subfield>
                     <marc:subfield code="x">Social life and customs</marc:subfield>
                     <marc:subfield code="y">19th century.</marc:subfield>
                  </marc:datafield>
                  <marc:datafield tag="651" ind1=" " ind2="0">
                     <marc:subfield code="a">Sacramento (Calif.)</marc:subfield>
                     <marc:subfield code="x">Description and travel.</marc:subfield>
                  </marc:datafield>
                  <marc:datafield tag="651" ind1=" " ind2="0">
                     <marc:subfield code="a">San Francisco (Calif.)</marc:subfield>
                     <marc:subfield code="x">Description and travel.</marc:subfield>
                  </marc:datafield>
                  <marc:datafield tag="655" ind1=" " ind2="7">
                     <marc:subfield code="a">Letterheads</marc:subfield>
                     <marc:subfield code="z">United States.</marc:subfield>
                     <marc:subfield code="2">ftamc.</marc:subfield>
                  </marc:datafield>
                  <marc:datafield tag="656" ind1=" " ind2="7">
                     <marc:subfield code="a">Gold miners</marc:subfield>
                     <marc:subfield code="z">California.</marc:subfield>
                     <marc:subfield code="2">lcsh</marc:subfield>
                  </marc:datafield>
                  <marc:datafield tag="851" ind1=" " ind2=" ">
                     <marc:subfield code="a">Beinecke Rare Book and Manuscript Library,</marc:subfield>
                     <marc:subfield code="c">Box 1603A Yale Station, New Haven, CT 06520.</marc:subfield>
                  </marc:datafield>
                  <marc:datafield tag="856" ind1="4" ind2="2">
                     <marc:subfield code="3">View a description and list of collection contents in the Yale Finding Aid Database.</marc:subfield>
                     <marc:subfield code="u">http://hdl.handle.net/10079/fa/beinecke.ahill</marc:subfield>
                  </marc:datafield>
                  <marc:datafield tag="927" ind1=" " ind2=" ">
                     <marc:subfield code="a">19990816RO</marc:subfield>
                  </marc:datafield>
                  <marc:datafield tag="928" ind1=" " ind2=" ">
                     <marc:subfield code="a">AC11231999</marc:subfield>
                  </marc:datafield>
                  <marc:datafield tag="948" ind1=" " ind2=" ">
                     <marc:subfield code="a">srb</marc:subfield>
                     <marc:subfield code="a">REC</marc:subfield>
                  </marc:datafield>
               </marc:record>
            </objectXMLWrap>
         </source>
      </sources>
   </control>
   <cpfDescription>
      <identity>
         <entityType>corporateBody</entityType>
         <nameEntry xml:lang="en-Latn">
            <part>Bay State and California Mining and Trading Company.</part>
            <authorizedForm>WorldCat</authorizedForm>
         </nameEntry>
      </identity>
      <relations>
         <cpfRelation xmlns:xlink="http://www.w3.org/1999/xlink"
                      xlink:type="simple"
                      xlink:role="http://socialarchive.iath.virginia.edu/control/term#Person"
                      xlink:arcrole="http://socialarchive.iath.virginia.edu/control/term#associatedWith">
            <relationEntry>Hill, Alonzo A., 1828?-1857.</relationEntry>
            <descriptiveNote>
               <p>
                  <span localType="http://socialarchive.iath.virginia.edu/control/term#ExtractedRecordId">CtY-BR-3118211.c</span>
               </p>
            </descriptiveNote>
         </cpfRelation>
         <resourceRelation xmlns:xlink="http://www.w3.org/1999/xlink"
                           xlink:arcrole="http://socialarchive.iath.virginia.edu/control/term#referencedIn"
                           xlink:role="http://socialarchive.iath.virginia.edu/control/term#ArchivalResource"
                           xlink:type="simple"
                           xlink:href="http://www.worldcat.org/oclc/3118211">
            <relationEntry>Hill, Alonzo A., 1828?-1857. Alonzo A. Hill papers, 1849-1857.</relationEntry>
            <objectXMLWrap>
               <mods xmlns="http://www.loc.gov/mods/v3">
                  <recordInfo>
                     <recordOrigin>WorldCat:3118211</recordOrigin>
                     <recordContentSource>ISIL:CtY-BR</recordContentSource>
                  </recordInfo>
                  <name>
                     <namePart>Hill, Alonzo A., 1828?-1857.</namePart>
                     <role>
                        <roleTerm valueURI="http://id.loc.gov/vocabulary/relators/cre">Creator</roleTerm>
                     </role>
                  </name>
                  <titleInfo>
                     <title>Alonzo A. Hill papers, 1849-1857.</title>
                  </titleInfo>
                  <abstract>The papers contain correspondence and other papers documenting Alonzo Hill's voyage to California, experiences in the gold fields, San Francisco, and Sacramento. </abstract>
                  <name>
                     <namePart>Yale University, Beinecke Rare Book and Manuscript Library</namePart>
                     <role>
                        <roleTerm valueURI="http://id.loc.gov/vocabulary/relators/rps">Repository</roleTerm>
                     </role>
                  </name>
               </mods>
            </objectXMLWrap>
            <descriptiveNote>
               <p>
                  <span localType="http://socialarchive.iath.virginia.edu/control/term#Leader06">p</span>
                  <span localType="http://socialarchive.iath.virginia.edu/control/term#Leader07">c</span>
                  <span localType="http://socialarchive.iath.virginia.edu/control/term#Leader08"> </span>
               </p>
            </descriptiveNote>
         </resourceRelation>
      </relations>
   </cpfDescription>
</eac-cpf>
